<?xml version="1.0" encoding="UTF-8"?><collection xmlns="http://www.loc.gov/MARC21/slim"><record><leader>00404nam--2200145-i-4500</leader><controlfield tag="001">000008065</controlfield><controlfield tag="002">20161230</controlfield><controlfield tag="005">20161230201027</controlfield><controlfield tag="008">060222s1000------------r-----000-0-eng-d</controlfield><datafield ind1=" " ind2=" " tag="080"><subfield code="a">614.876</subfield></datafield><datafield ind1=" " ind2=" " tag="100"><subfield code="a">Adair, B.And Knight, G.B</subfield></datafield><datafield ind1=" " ind2=" " tag="245"><subfield code="a">Analysis of external radiation exposures in 1966</subfield></datafield><datafield ind1=" " ind2=" " tag="260"><subfield code="a">Chalk River, Atimic Energy Of Canada Limited 1967 3 P. + 9 Figuri</subfield></datafield><datafield ind1=" " ind2=" " tag="490"><subfield code="a">2678</subfield></datafield><datafield ind1=" " ind2=" " tag="852"><subfield code="a">20073</subfield></datafield></record></collection>